<record><leader>00000cas a22000007a 4500</leader><controlfield tag="001">12715248</controlfield><controlfield tag="008">851024c19399999pauwr ne      0    0eng d</controlfield><datafield ind1=" " ind2=" " tag="010"><subfield code="a">sn 85055205 </subfield></datafield><datafield ind1=" " ind2=" " tag="040"><subfield code="a">NPH</subfield><subfield code="b">eng</subfield><subfield code="c">NPH</subfield><subfield code="d">GUA</subfield><subfield code="d">OCLCQ</subfield></datafield><datafield ind1=" " ind2=" " tag="042"><subfield code="a">msc</subfield></datafield><datafield ind1="0" ind2=" " tag="130"><subfield code="a">Observer (Philadelphia, Pa. : 1939)</subfield></datafield><datafield ind1="1" ind2="0" tag="245"><subfield code="a">Observer.</subfield></datafield><datafield ind1="3" ind2="0" tag="246"><subfield code="a">Observer and sporting news</subfield><subfield code="f">Jan. 8-Oct. 9, 1939</subfield></datafield><datafield ind1=" " ind2=" " tag="260"><subfield code="a">Philadelphia, Pa. :</subfield><subfield code="b">A. Borden,</subfield><subfield code="c">1939-</subfield></datafield><datafield ind1=" " ind2=" " tag="300"><subfield code="a">v. :</subfield><subfield code="b">ill.</subfield></datafield><datafield ind1=" " ind2=" " tag="310"><subfield code="a">Weekly</subfield></datafield><datafield ind1="0" ind2=" " tag="362"><subfield code="a">Vol. 3, no. 40 (Jan. 8, 1939)-</subfield></datafield><datafield ind1=" " ind2=" " tag="752"><subfield code="a">United States</subfield><subfield code="b">Pennsylvania</subfield><subfield code="c">Philadelphia</subfield><subfield code="d">Philadelphia.</subfield></datafield><datafield ind1="0" ind2="0" tag="780"><subfield code="t">Observer and sporting news</subfield><subfield code="w">(DLC)sn 85055206</subfield><subfield code="w">(OCoLC)12715198</subfield></datafield><datafield ind1="0" ind2="5" tag="780"><subfield code="t">Tap &amp; tavern</subfield><subfield code="g">Dec. 22, 1975</subfield><subfield code="w">(DLC)sn 85055204</subfield><subfield code="w">(OCoLC)12591920</subfield></datafield></record>